<collection xmlns="http://www.loc.gov/MARC21/slim">
<record>
  <leader>02278nam0a2200433 i 450 </leader>
  <controlfield tag="001">IT\ICCU\CNCE\033693</controlfield>
  <controlfield tag="005">20100728000000.0</controlfield>
  <datafield tag="012" ind1=" " ind2=" ">
    <subfield code="a">lote lala i.ra nose (C) 1528 (R)</subfield>
    <subfield code="2">fei</subfield>
  </datafield>
  <datafield tag="100" ind1=" " ind2=" ">
    <subfield code="a">19971222d1528        0itac0103    ba</subfield>
  </datafield>
  <datafield tag="101" ind1=" " ind2=" ">
    <subfield code="a">ITA</subfield>
  </datafield>
  <datafield tag="102" ind1=" " ind2=" ">
    <subfield code="a">IT</subfield>
  </datafield>
  <datafield tag="200" ind1="1" ind2=" ">
    <subfield code="a">Comedia di Plauto nouamente tradotta, intitolata Menechini, molto piaceuole et rediculosa</subfield>
  </datafield>
  <datafield tag="210" ind1=" " ind2=" ">
    <subfield code="d">1528</subfield>
    <subfield code="e">Stampata in Venetia</subfield>
    <subfield code="g">per Girolamo Pentio da Lecco</subfield>
    <subfield code="g">ad instantia de Christophoro ditto Stampone da Milano e compagni</subfield>
    <subfield code="h">1528 adi XX marzo</subfield>
  </datafield>
  <datafield tag="215" ind1=" " ind2=" ">
    <subfield code="a">\36! c.</subfield>
    <subfield code="d">8ʻ</subfield>
  </datafield>
  <datafield tag="620" ind1=" " ind2=" ">
    <subfield code="a">IT</subfield>
    <subfield code="d">Venezia</subfield>
  </datafield>
  <datafield tag="700" ind1=" " ind2="1">
    <subfield code="a">Plautus,</subfield>
    <subfield code="b">Titus Maccius</subfield>
    <subfield code="3">IT\ICCU\CNCA\004487</subfield>
  </datafield>
  <datafield tag="712" ind1="0" ind2="0">
    <subfield code="a">Penzio, Girolamo</subfield>
    <subfield code="3">IT\ICCU\CNCT\001082</subfield>
    <subfield code="4">650</subfield>
  </datafield>
  <datafield tag="712" ind1="0" ind2="0">
    <subfield code="a">Stampone, Cristoforo &amp; C.</subfield>
    <subfield code="3">IT\ICCU\CNCT\003828</subfield>
    <subfield code="4">650</subfield>
  </datafield>
  <datafield tag="790" ind1=" " ind2="1">
    <subfield code="a">Plautus,</subfield>
    <subfield code="b">Marcus Accius</subfield>
    <subfield code="3">IT\ICCU\CNCA\018634</subfield>
    <subfield code="z">Plautus, Titus Maccius</subfield>
  </datafield>
  <datafield tag="790" ind1=" " ind2="0">
    <subfield code="a">Plauto</subfield>
    <subfield code="3">IT\ICCU\CNCA\018635</subfield>
    <subfield code="z">Plautus, Titus Maccius</subfield>
  </datafield>
  <datafield tag="790" ind1=" " ind2="0">
    <subfield code="a">Plautus</subfield>
    <subfield code="3">IT\ICCU\CNCA\018636</subfield>
    <subfield code="z">Plautus, Titus Maccius</subfield>
  </datafield>
  <datafield tag="790" ind1=" " ind2="1">
    <subfield code="a">Plauto,</subfield>
    <subfield code="b">Marco Accio</subfield>
    <subfield code="3">IT\ICCU\CNCA\018637</subfield>
    <subfield code="z">Plautus, Titus Maccius</subfield>
  </datafield>
  <datafield tag="790" ind1=" " ind2="1">
    <subfield code="a">Plautus,</subfield>
    <subfield code="b">Marcus Actius</subfield>
    <subfield code="3">IT\ICCU\CNCA\022657</subfield>
    <subfield code="z">Plautus, Titus Maccius</subfield>
  </datafield>
  <datafield tag="791" ind1="0" ind2="0">
    <subfield code="a">Pencius, Hieronymus</subfield>
    <subfield code="3">IT\ICCU\CNCT\002486</subfield>
    <subfield code="z">Penzio, Girolamo</subfield>
  </datafield>
  <datafield tag="791" ind1="0" ind2="0">
    <subfield code="a">Pencio, Girolamo</subfield>
    <subfield code="3">IT\ICCU\CNCT\002487</subfield>
    <subfield code="z">Penzio, Girolamo</subfield>
  </datafield>
  <datafield tag="791" ind1="0" ind2="2">
    <subfield code="a">Girolamo da Lecco</subfield>
    <subfield code="3">IT\ICCU\CNCT\003078</subfield>
    <subfield code="z">Penzio, Girolamo</subfield>
  </datafield>
  <datafield tag="791" ind1="0" ind2="0">
    <subfield code="a">Pentius, Hieronymus</subfield>
    <subfield code="3">IT\ICCU\CNCT\004035</subfield>
    <subfield code="z">Penzio, Girolamo</subfield>
  </datafield>
  <datafield tag="791" ind1="0" ind2="0">
    <subfield code="a">Pentio, Girolamo</subfield>
    <subfield code="3">IT\ICCU\CNCT\005368</subfield>
    <subfield code="z">Penzio, Girolamo</subfield>
  </datafield>
  <datafield tag="801" ind1=" " ind2="3">
    <subfield code="a">IT</subfield>
    <subfield code="b">ICCU</subfield>
    <subfield code="c">20201114</subfield>
  </datafield>
  <datafield tag="899" ind1=" " ind2=" ">
    <subfield code="a">Biblioteca universitaria. Bologna</subfield>
    <subfield code="1">BO0098</subfield>
    <subfield code="2">UBO BU</subfield>
  </datafield>
  <datafield tag="899" ind1=" " ind2=" ">
    <subfield code="a">Biblioteca di Casa Carducci. Bologna</subfield>
    <subfield code="1">BO0283</subfield>
    <subfield code="2">UBO GC</subfield>
  </datafield>
  <datafield tag="899" ind1=" " ind2=" ">
    <subfield code="a">Biblioteca Apostolica Vaticana. Citt ̉del Vaticano</subfield>
    <subfield code="1">EX0001</subfield>
    <subfield code="2">ZCV 01</subfield>
  </datafield>
  <datafield tag="899" ind1=" " ind2=" ">
    <subfield code="a">Biblioteca universitaria. Pisa</subfield>
    <subfield code="1">PI0112</subfield>
    <subfield code="2">PIS R1</subfield>
  </datafield>
  <datafield tag="899" ind1=" " ind2=" ">
    <subfield code="a">Biblioteca comunale Forteguerriana. Pistoia</subfield>
    <subfield code="1">PT0025</subfield>
    <subfield code="2">RT1 IE</subfield>
  </datafield>
  <datafield tag="899" ind1=" " ind2=" ">
    <subfield code="a">Biblioteca dell&apos;Accademia nazionale dei Lincei e Corsiniana. Roma</subfield>
    <subfield code="1">RM0418</subfield>
    <subfield code="2">RML 10</subfield>
  </datafield>
  <datafield tag="899" ind1=" " ind2=" ">
    <subfield code="a">Biblioteca comunale degli Intronati. Siena</subfield>
    <subfield code="1">SI0046</subfield>
    <subfield code="2">RT1 QI</subfield>
  </datafield>
  <datafield tag="899" ind1=" " ind2=" ">
    <subfield code="a">Biblioteca Storica di Ateneo &quot;Arturo Graf&quot;. Torino</subfield>
    <subfield code="1">TO0529</subfield>
    <subfield code="2">UTO 23</subfield>
  </datafield>
  <datafield tag="899" ind1=" " ind2=" ">
    <subfield code="a">Biblioteca Arcivescovile. Udine</subfield>
    <subfield code="1">UD0100</subfield>
    <subfield code="2">ZUD 11</subfield>
  </datafield>
  <datafield tag="899" ind1=" " ind2=" ">
    <subfield code="a">Biblioteca Querini Stampalia. Venezia</subfield>
    <subfield code="1">VE0047</subfield>
    <subfield code="2">VEA QS</subfield>
  </datafield>
</record>
</collection>
